<?xml version="1.0" encoding="UTF-8"?>
<collection xmlns:xsi="http://www.w3.org/2001/XMLSchema-instance" xsi:schemaLocation="http://www.loc.gov/MARC21/slim http://www.loc.gov/standards/marcxml/schema/MARC21slim.xsd" xmlns="http://www.loc.gov/MARC21/slim">
<record>
  <leader>00723cam a22001931  4500</leader>
  <controlfield tag="001">3088766</controlfield>
  <controlfield tag="003">NNC</controlfield>
  <controlfield tag="005">20130426020426.0</controlfield>
  <controlfield tag="008">010920s1903    ua            000 0 ara d</controlfield>
  <datafield tag="035" ind1=" " ind2=" ">
    <subfield code="a">(OCoLC)ocm47997611</subfield>
  </datafield>
  <datafield tag="035" ind1=" " ind2=" ">
    <subfield code="9">ATR6389CU</subfield>
  </datafield>
  <datafield tag="035" ind1=" " ind2=" ">
    <subfield code="a">(NNC)3088766</subfield>
  </datafield>
  <datafield tag="040" ind1=" " ind2=" ">
    <subfield code="a">ZCU</subfield>
    <subfield code="c">ZCU</subfield>
  </datafield>
  <datafield tag="099" ind1=" " ind2=" ">
    <subfield code="a">892.891</subfield>
    <subfield code="a">M896</subfield>
  </datafield>
  <datafield tag="100" ind1="0" ind2=" ">
    <subfield code="a">Muḥammad Mahdī Khān,</subfield>
    <subfield code="d">-1914 or 1915.</subfield>
  </datafield>
  <datafield tag="245" ind1="1" ind2="0">
    <subfield code="a">Miftāb bāb al-abwāb /</subfield>
    <subfield code="c">taʾlīf Zaʻīm-al-Dawlah al-Duktūr Mīrza Muḥammad Mahdī Khān Raʾīs al-Ḥukamāʾ al-Īrānī al-Ādharbāyjānī al-Tibrīzī (nazīl Miṣr-al-Qāhirah)</subfield>
  </datafield>
  <datafield tag="260" ind1=" " ind2=" ">
    <subfield code="a">Miṣr,</subfield>
    <subfield code="b">Maṭbaʻat Majal-lat "al-Manār" al-Islāmīyah,</subfield>
    <subfield code="c">1321 [1903]</subfield>
  </datafield>
  <datafield tag="300" ind1=" " ind2=" ">
    <subfield code="a">440, 8 p.</subfield>
  </datafield>
  <datafield tag="955" ind1=" " ind2=" ">
    <subfield code="b">CU58901426</subfield>
    <subfield code="d">off,glx</subfield>
    <subfield code="e">892.891 M896</subfield>
  </datafield>
</record>
</collection>